@book{bk:strang,
author = {Strang, Gilbert},
title = {Linear Algebra and Its Applications},
publisher = {Thomson Brooks/Cole},
edition = {4},
year = {2006},
address = {Belmont, CA, USA}
}

@book{bk:petrovic,
author = {Petrovic, John Srdjan},
title = {Advanced Calculus},
publisher = {CRC Press},
edition = {1},
year = {2014},
address = {Boca Raton, FL, USA}
}

@book{bk:horn,
author = {Horn, Roger A and Johnson, Charles R},
title = {{Topics in Matrix Analysis}},
publisher = {Cambridge University Press},
year = {1991},
address = {Cambridge, UK}
}