@book{bk:stock_watson,
author = {Stock, James H. and Watson, Mark W.},
title = {Introduction to Econometrics},
publisher = {Pearson},
edition = {4},
year = {2019},
address = {New York, NY, USA}
}

@book{bk:wooldridge,
author = {Wooldridge, Jeffrey M.},
title = {Introductory Econometrics: a Modern Approach},
publisher = {Cengage},
edition={7},
year = {2020},
address = {Boston, MA, USA}
}

@book{bk:tamhane_dunlop,
author = {Tamhane, Ajit C. and Dunlop, Dorothy D.},
title = {Statistics and Data Analysis: From Elementary to Intermediate},
publisher = {Prentice Hall},
year = {2000},
address = {Upper Saddle River, NJ, USA}
}

@book{bk:miller_miller,
author = {Miller, Irwin and Miller, Marylees},
title = {John E. Freund's Mathematical Statistics with Applications},
publisher = {Pearson},
edition = {8},
year = {2014},
address = {Boston, MA, USA}
}

@book{bk:strang,
author = {Strang, Gilbert},
title = {Introduction to Linear Algebra},
publisher = {Wellesley-Cambridge Press},
edition = {5},
year = {2016},
address = {Wellesley, MA, USA}
}

@book{bk:strang2,
author = {Strang, Gilbert},
title = {Linear Algebra and Its Applications},
publisher = {Thomson Brooks/Cole},
edition = {4},
year = {2006},
address = {Belmont, CA, USA}
}

@book{bk:petrovic,
author = {Petrovic, John Srdjan},
title = {Advanced Calculus},
publisher = {CRC Press},
edition = {2},
year = {2020},
address = {Boca Raton, FL, USA}
}